[gd_scene load_steps=9 format=2]

[ext_resource path="res://assets/button-up-active.png" type="Texture" id=1]
[ext_resource path="res://assets/button-up-idle.png" type="Texture" id=2]
[ext_resource path="res://scenes/menu/buttons.gd" type="Script" id=3]
[ext_resource path="res://assets/button-down-idle.png" type="Texture" id=4]
[ext_resource path="res://assets/button-down-active.png" type="Texture" id=5]
[ext_resource path="res://assets/button-dash-idle.png" type="Texture" id=6]
[ext_resource path="res://assets/button-dash-active.png" type="Texture" id=7]
[ext_resource path="res://assets/button-dash-cooldown.png" type="Texture" id=8]

[node name="Buttons" type="Node2D"]
script = ExtResource( 3 )

[node name="UpButton" type="TextureButton" parent="."]
margin_left = 85.0
margin_top = 427.0
margin_right = 155.0
margin_bottom = 495.0
texture_normal = ExtResource( 2 )
texture_pressed = ExtResource( 1 )

[node name="DownButton" type="TextureButton" parent="."]
margin_left = 85.0
margin_top = 527.0
margin_right = 155.0
margin_bottom = 595.0
texture_normal = ExtResource( 4 )
texture_pressed = ExtResource( 5 )

[node name="DashButton" type="TextureButton" parent="."]
margin_left = 202.0
margin_top = 484.0
margin_right = 272.0
margin_bottom = 552.0
texture_normal = ExtResource( 6 )
texture_pressed = ExtResource( 7 )

[node name="TextureProgress" type="TextureProgress" parent="."]
margin_left = 202.0
margin_top = 484.0
margin_right = 282.0
margin_bottom = 563.0
mouse_filter = 2
value = 100.0
texture_progress = ExtResource( 8 )
fill_mode = 5

[connection signal="button_down" from="UpButton" to="." method="_on_UpButton_button_down"]
[connection signal="button_up" from="UpButton" to="." method="_on_UpButton_button_up"]
[connection signal="button_down" from="DownButton" to="." method="_on_DownButton_button_down"]
[connection signal="button_up" from="DownButton" to="." method="_on_DownButton_button_up"]
[connection signal="pressed" from="DashButton" to="." method="_on_DashButton_pressed"]
